
@article{Hill1894,
  title = {On a Spherical Vortex},
  abstract = {By MJM HILL , MA, D.Sc., Professor of Mathenzatics at University College, London. ... 1. IN a paper published by the author in the 'Philosophical Transactions' for 1884, " On the Motion of Fluid, part of which is moving rotationally and part irrotationally," a certain case of motion, ...},
  journal = {Philosophical Transactions of the Royal Society of Science},
  author = {Hill, Micah John Muller},
  year = {1894},
  keywords = {bibtex:Hill:1894up}
}
